<?xml version="1.0" encoding="UTF-8"?>
<record xmlns="http://www.loc.gov/MARC21/slim">
   <leader>01715cam a2200301 a 4500</leader>
   <controlfield tag="001">4148029</controlfield>
   <controlfield tag="003">NjP</controlfield>
   <controlfield tag="005">20190705144912.0</controlfield>
   <controlfield tag="008">911216m19581960sy            000 0 ara d</controlfield>
   <datafield tag="024" ind1="7" ind2=" ">
      <subfield code="a">princeton_aco004372</subfield>
      <subfield code="2">local</subfield>
   </datafield>
   <datafield ind1=" " ind2=" " tag="040">
      <subfield code="a">CSt-H</subfield>
      <subfield code="c">PUL</subfield>
      <subfield code="d">PUL</subfield>
   </datafield>
   <datafield ind1=" " ind2=" " tag="035">
      <subfield code="a">(CSt-H)notisAKE8424</subfield>
   </datafield>
   <datafield ind1=" " ind2=" " tag="035">
      <subfield code="a">(CStRLIN)CSUXAKE8424-B</subfield>
   </datafield>
   <datafield ind1=" " ind2=" " tag="035">
      <subfield code="a">(NjP)4148029</subfield>
   </datafield>
   <datafield ind1=" " ind2=" " tag="043">
      <subfield code="a">a-sy---</subfield>
   </datafield>
   <datafield ind1=" " ind2=" " tag="049">
      <subfield code="a">PULL</subfield>
   </datafield>
   <datafield ind1=" " ind2=" " tag="035">
      <subfield code="a">(OCoLC)ocm38785670</subfield>
   </datafield>
   <datafield ind1="1" ind2=" " tag="100">
      <subfield code="6">880-01</subfield>
      <subfield code="a">Kayyālī, ʻAbd al-Raḥmān.</subfield>
   </datafield>
   <datafield ind1="1" ind2="3" tag="245">
      <subfield code="6">880-02</subfield>
      <subfield code="a">al-Marāḥil fī al-intidāb al-Faransī wa-fī niḍālinā al-waṭanī /</subfield>
      <subfield code="c">ʻAbd al-Raḥmān al-Kayyālī.</subfield>
   </datafield>
   <datafield ind1=" " ind2=" " tag="260">
      <subfield code="6">880-03</subfield>
      <subfield code="a">Ḥalab, Sūriyā :</subfield>
      <subfield code="b">[s.n.],</subfield>
      <subfield code="c">1958-1960</subfield>
      <subfield code="e">(Ḥalab :</subfield>
      <subfield code="f">Maṭbaʻat al-Ḍād)</subfield>
   </datafield>
   <datafield ind1=" " ind2=" " tag="300">
      <subfield code="a">4 v. in 3 ;</subfield>
      <subfield code="c">25 cm.</subfield>
   </datafield>
   <datafield ind1="1" ind2=" " tag="505">
      <subfield code="6">880-04</subfield>
      <subfield code="a">Al-Juzʼ 1. Min ʻām 1926 ḥattá nihāyat ʻām 1939. -- al-Juzʼ 2. ʻAhd Dī Mārtil min ʻām 1933 ilá ʻām 1934. -- al-Juzʼ 3. ʻAhd Dī Mārtil min ʻām 1934 liá ʻām 1936. -- al-Juzʼ 4. Min ʻām 1936-1939.</subfield>
   </datafield>
   <datafield ind1=" " ind2="0" tag="651">
      <subfield code="a">Syria</subfield>
      <subfield code="x">History</subfield>
      <subfield code="y">20th century.</subfield>
      <subfield code="0">http://id.loc.gov/authorities/subjects/sh85131704</subfield>
   </datafield>
   <datafield ind1="1" ind2=" " tag="880">
      <subfield code="6">100-01/r</subfield>
      <subfield code="a">كيالي، عبد الرحمن.</subfield>
   </datafield>
   <datafield ind1="1" ind2="2" tag="880">
      <subfield code="6">245-02/r</subfield>
      <subfield code="a">المراحل في الانتداب الفرنسي وفي نضالنا الوطني /</subfield>
      <subfield code="c">عبد الرحمن الكيالي.</subfield>
   </datafield>
   <datafield ind1=" " ind2=" " tag="880">
      <subfield code="6">260-03/r</subfield>
      <subfield code="a">حلب، سوريا :</subfield>
      <subfield code="b">[s.n.]،</subfield>
      <subfield code="c">1958-1960</subfield>
      <subfield code="e">(حلب :</subfield>
      <subfield code="f">مطبعة الضاد)</subfield>
   </datafield>
   <datafield ind1="1" ind2=" " tag="880">
      <subfield code="6">505-04/r</subfield>
      <subfield code="a">الجزء 1. من عام 1926 حتى نهاية عام 1939. الجزء 2. عهد دي مارتل من عام 1933 الى عام 1934. الجزء 3. عهد دي مارتل من عام 1934 لى عام 1936. الجزء 4. من عام 1936-1939.</subfield>
   </datafield>
   <datafield ind1=" " ind2=" " tag="994">
      <subfield code="a">C0</subfield>
      <subfield code="b">PUL</subfield>
   </datafield>
   <datafield ind1=" " ind2=" " tag="999">
      <subfield code="a">4148029</subfield>
   </datafield>
   <datafield ind1=" " ind2=" " tag="979">
      <subfield code="a">(OCoLC)ocn179663794</subfield>
   </datafield>
   <datafield ind1="8" ind2=" " tag="852">
      <subfield code="0">4420470</subfield>
      <subfield code="b">rcppa</subfield>
      <subfield code="h">2271.5083.45.361</subfield>
      <subfield code="x">tr fr f</subfield>
   </datafield>
   <datafield ind1=" " ind2="0" tag="866">
      <subfield code="0">4420470</subfield>
      <subfield code="a">v. 1-v. 3, v. 4</subfield>
   </datafield>
   <datafield ind1=" " ind2=" " tag="959">
      <subfield code="a">2011-01-05 12:41:50 -0500</subfield>
   </datafield>
</record>
